@inproceedings{KirnerSZ17,
  author    = {Evelyn Kirner and
               Erich Schubert and
               Arthur Zimek},
  title     = {Good and Bad Neighborhood Approximations for Outlier Detection Ensembles},
  booktitle = {Similarity Search and Applications - 10th International Conference,
               {SISAP} 2017, Munich, Germany, October 4-6, 2017, Proceedings},
  pages     = {173--187},
  year      = {2017},
  url       = {https://doi.org/10.1007/978-3-319-68474-1\_12},
  doi       = {10.1007/978-3-319-68474-1\_12},
  timestamp = {Fri, 29 Sep 2017 10:29:55 +0200},
  biburl    = {https://dblp.org/rec/bib/conf/sisap/KirnerSZ17},
  bibsource = {dblp computer science bibliography, https://dblp.org}
}

@ARTICLE{Iwasaki18,
   author = {{Iwasaki}, M. and {Miyazaki}, D.},
    title = "{Optimization of Indexing Based on k-Nearest Neighbor Graph for Proximity Search in High-dimensional Data}",
  journal = {ArXiv e-prints},
archivePrefix = "arXiv",
   eprint = {1810.07355},
 primaryClass = "cs.DB",
 keywords = {Computer Science - Databases, Computer Science - Information Retrieval},
     year = 2018,
    month = oct,
   adsurl = {http://adsabs.harvard.edu/abs/2018arXiv181007355I},
  adsnote = {Provided by the SAO/NASA Astrophysics Data System}
}

@inproceedings{PalmasonOASK17,
  author    = {Haukur P{\'{a}}lmason and
               Bj{\"{o}}rn {\TH}{\'{o}}r J{\'{o}}nsson and
               Laurent Amsaleg and
               Markus Schedl and
               Peter Knees},
  title     = {On Competitiveness of Nearest-Neighbor-Based Music Classification:
               {A} Methodological Critique},
  booktitle = {Similarity Search and Applications - 10th International Conference,
               {SISAP} 2017, Munich, Germany, October 4-6, 2017, Proceedings},
  pages     = {275--283},
  year      = {2017},
  url       = {https://doi.org/10.1007/978-3-319-68474-1\_19},
  doi       = {10.1007/978-3-319-68474-1\_19},
  timestamp = {Fri, 29 Sep 2017 10:29:55 +0200},
  biburl    = {https://dblp.org/rec/bib/conf/sisap/Palmason0ASK17},
  bibsource = {dblp computer science bibliography, https://dblp.org}
}

@inproceedings{Herlocker99,
  title={An algorithmic framework for performing collaborative filtering},
  author={Herlocker, Jonathan L and Konstan, Joseph A and Borchers, Al and Riedl, John},
  booktitle={Proceedings of the 22nd annual international ACM SIGIR conference on Research and development in information retrieval},
  pages={230--237},
  year={1999},
  organization={ACM}
}

@inproceedings{BoytsovNMN16,
  author    = {Leonid Boytsov and
               David Novak and
               Yury Malkov and
               Eric Nyberg},
  title     = {Off the Beaten Path: Let's Replace Term-Based Retrieval with k-NN
               Search},
  booktitle = {{CIKM}'16},
  pages     = {1099--1108},
  timestamp = {Fri, 28 Oct 2016 14:40:08 +0200},
  biburl    = {http://dblp.uni-trier.de/rec/bib/conf/cikm/BoytsovNMN16},
  bibsource = {dblp computer science bibliography, http://dblp.org}
}

@inproceedings{Levina05,
  title={Maximum likelihood estimation of intrinsic dimension},
  author={Levina, Elizaveta and Bickel, Peter J},
  booktitle={Advances in neural information processing systems},
  pages={777--784},
  year={2005}
}

@inproceedings{Houle13,
  title={Dimensionality, discriminability, density and distance distributions},
  author={Houle, Michael E},
  booktitle={Data Mining Workshops (ICDMW), 2013 IEEE 13th International Conference on},
  pages={468--473},
  year={2013},
  organization={IEEE}
}

@inproceedings{Amsaleg15,
  title={Estimating local intrinsic dimensionality},
  author={Amsaleg, Laurent and Chelly, Oussama and Furon, Teddy and Girard, Stephane and Houle, Michael E and Kawarabayashi, Ken-Ichi and Nett, Michael},
  booktitle={Proceedings of the 21th ACM SIGKDD International Conference on Knowledge Discovery and Data Mining},
  pages={29--38},
  year={2015},
  organization={ACM}
}

@incollection{AndoniI16,
  author    = {Alexandr Andoni, Piotr Indyk},
  title     = {Nearest Neighbors in High-Dimensional Spaces},
  booktitle = {Handbook of Discrete and Computational Geometry, Third Edition.},
  pages     = {1133--1153},
  year      = {2017},
   publisher = {Chapman and Hall/CRC},
}

@inproceedings{AhleAP17,
  author    = {Thomas D. Ahle and
               Martin Aum{\"{u}}ller and
               Rasmus Pagh},
  title     = {Parameter-free Locality Sensitive Hashing for Spherical Range Reporting},
  booktitle = {{SODA}'17},
  pages     = {239--256},
  timestamp = {Tue, 31 Jan 2017 13:00:57 +0100},
  biburl    = {http://dblp.uni-trier.de/rec/bib/conf/soda/AhleAP17},
  bibsource = {dblp computer science bibliography, http://dblp.org}
}

@inproceedings{Pham17,
  author    = {Ninh Pham},
  title     = {Hybrid {LSH:} Faster Near Neighbors Reporting in High-dimensional
               Space},
  booktitle = {{EDBT}'17},
  pages     = {454--457},
  timestamp = {Thu, 09 Mar 2017 14:15:55 +0100},
  biburl    = {http://dblp2.uni-trier.de/rec/bib/conf/edbt/Pham17},
  bibsource = {dblp computer science bibliography, http://dblp.org}
}

@article{mlpack2013,
  title     = {{MLPACK}: A Scalable {C++} Machine Learning Library},
  author    = {Curtin, Ryan R. and Cline, James R. and Slagle, Neil P. and
               March, William B. and Ram, P. and Mehta, Nishant A. and Gray,
               Alexander G.},
  journal   = {Journal of Machine Learning Research},
  volume    = {14},
  pages     = {801--805},
  year      = {2013}
}

@inproceedings{edel2014automatic,
      title={An automatic benchmarking system},
      author={Edel, Marcus and Soni, Anand and Curtin, Ryan R},
      year={2014},
      booktitle = {NIPS 2014 Workshop on Software Engineering for Machine Learning}
}

@inproceedings{openml2013,
  title={OpenML: A collaborative science platform},
  author={Van Rijn, Jan N and Bischl, Bernd and Torgo, Luis and Gao, Bo and Umaashankar, Venkatesh and Fischer, Simon and Winter, Patrick and Wiswedel, Bernd and Berthold, Michael R and Vanschoren, Joaquin},
  booktitle={{ECML PKDD}},
  pages={645--649},
  year={2013},
  organization={Springer}
}

@article{satex2001,
  title={SATEx: a web-based framework for SAT experimentation},
  author={Simon, Laurent and Chatalic, Philippe},
  journal={Electronic Notes in Discrete Mathematics},
  volume={9},
  pages={129--149},
  year={2001},
  publisher={Elsevier}
}

@article{Lecun98,
  title={Gradient-based learning applied to document recognition},
  author={LeCun, Yann and Bottou, L{\'e}on and Bengio, Yoshua and Haffner, Patrick},
  journal={Proceedings of the IEEE},
  volume={86},
  number={11},
  pages={2278--2324},
  year={1998},
  publisher={IEEE}
}

@inproceedings{Mikolov13,
  title={Distributed representations of words and phrases and their compositionality},
  author={Mikolov, Tomas and Sutskever, Ilya and Chen, Kai and Corrado, Greg S and Dean, Jeff},
  booktitle={{NIPS}'13},
  pages={3111--3119}
}

@inproceedings{mihalgo, 
  title={Fast search in hamming space with multi-index hashing},
  author={Norouzi, Mohammad and Punjani, Ali and Fleet, David J},
  booktitle={{CVPR}'12},
  pages={3108--3115},
  organization={IEEE}
}

@misc{annoy,
title = {Annoy},
author = {Erik Bernhardsson},
url = {https://github.com/spotify/annoy}
}

@article{dolphinn,
  author    = {Georgia Avarikioti and
               Ioannis Z. Emiris and
               Ioannis Psarros and
               Georgios Samaras},
  title     = {Practical linear-space Approximate Near Neighbors in high dimension},
  journal   = {CoRR},
  volume    = {abs/1612.07405},
  year      = {2016},
  timestamp = {Mon, 02 Jan 2017 11:09:15 +0100},
  biburl    = {http://dblp.uni-trier.de/rec/bib/journals/corr/AvarikiotiEPS16},
  bibsource = {dblp computer science bibliography, http://dblp.org}
}

@article{KriegelSZ17,
  author    = {Hans{-}Peter Kriegel and
               Erich Schubert and
               Arthur Zimek},
  title     = {The (black) art of runtime evaluation: Are we comparing algorithms
               or implementations?},
  journal   = {Knowl. Inf. Syst.},
  volume    = {52},
  number    = {2},
  pages     = {341--378},
  year      = {2017},
  timestamp = {Tue, 11 Jul 2017 18:48:57 +0200},
  biburl    = {http://dblp.uni-trier.de/rec/bib/journals/kais/KriegelSZ17},
  bibsource = {dblp computer science bibliography, http://dblp.org}
}

@article{faiss,
  author    = {Jeff Johnson and
               Matthijs Douze and
               Herv{\'{e}} J{\'{e}}gou},
  title     = {Billion-scale similarity search with GPUs},
  journal   = {CoRR},
  volume    = {abs/1702.08734},
  year      = {2017},
  timestamp = {Wed, 01 Mar 2017 14:26:00 +0100},
  biburl    = {http://dblp.uni-trier.de/rec/bib/journals/corr/JohnsonDJ17},
  bibsource = {dblp computer science bibliography, http://dblp.org}
}

@article{LiZSWZL16,
  author    = {Wen Li and
               Ying Zhang and
               Yifang Sun and
               Wei Wang and
               Wenjie Zhang and
               Xuemin Lin},
  title     = {Approximate Nearest Neighbor Search on High Dimensional Data - Experiments,
               Analyses, and Improvement (v1.0)},
  journal   = {CoRR},
  volume    = {abs/1610.02455},
  year      = {2016},
  url       = {http://arxiv.org/abs/1610.02455},
  timestamp = {Wed, 07 Jun 2017 14:41:11 +0200},
  biburl    = {http://dblp.uni-trier.de/rec/bib/journals/corr/LiZSWZL16},
  bibsource = {dblp computer science bibliography, http://dblp.org}
}

@inproceedings{falconn,
  author    = {Alexandr Andoni and
               Piotr Indyk and
               Thijs Laarhoven and
               Ilya P. Razenshteyn and
               Ludwig Schmidt},
  title     = {Practical and Optimal {LSH} for Angular Distance},
  booktitle = {{NIPS}'15},
  pages     = {1225--1233},
  url = {https://falconn-lib.org/},
  timestamp = {Sat, 09 Apr 2016 14:12:53 +0200},
  biburl    = {http://dblp.uni-trier.de/rec/bib/conf/nips/AndoniILRS15},
  bibsource = {dblp computer science bibliography, http://dblp.org}
}

@article{swgraph,
  author    = {Yury Malkov and
               Alexander Ponomarenko and
               Andrey Logvinov and
               Vladimir Krylov},
  title     = {Approximate nearest neighbor algorithm based on navigable small world
               graphs},
  journal   = {Inf. Syst.},
  volume    = {45},
  pages     = {61--68},
  year      = {2014},
  timestamp = {Tue, 17 Jun 2014 09:37:31 +0200},
  biburl    = {http://dblp.uni-trier.de/rec/bib/journals/is/MalkovPLK14},
  bibsource = {dblp computer science bibliography, http://dblp.org}
}

@ARTICLE{hnsw,
   author = {{Malkov}, Y.~A. and {Yashunin}, D.~A.},
    title = "{Efficient and robust approximate nearest neighbor search using Hierarchical Navigable Small World graphs}",
  journal = {ArXiv e-prints},
archivePrefix = "arXiv",
   eprint = {1603.09320},
 primaryClass = "cs.DS",
 keywords = {Computer Science - Data Structures and Algorithms, Computer Science - Computer Vision and Pattern Recognition, Computer Science - Information Retrieval, Computer Science - Social and Information Networks},
     year = 2016,
    month = mar,
   adsurl = {http://adsabs.harvard.edu/abs/2016arXiv160309320M},
  adsnote = {Provided by the SAO/NASA Astrophysics Data System}
}

@inproceedings{flann,
  author    = {Marius Muja and David G. Lowe},
  title     = {Fast Approximate Nearest Neighbors with Automatic Algorithm Configuration},
  booktitle = {{VISSAPP}'09},
  publisher = {INSTICC Press},
  pages     = {331-340}
}

@misc{pynndescent, 
    title = {{PyNNDescent}},
    author = {Leland McInnes},
    url = {https://github.com/lmcinnes/pynndescent}
}

@inproceedings{Hyvonen2016,
  title={Fast nearest neighbor search through sparse random projections and voting},
  author={Hyv{\"o}nen, Ville and Pitk{\"a}nen, Teemu and Tasoulis, Sotiris and J{\"a}{\"a}saari, Elias and Tuomainen, Risto and Wang, Liang and Corander, Jukka and Roos, Teemu},
  booktitle={Big Data (Big Data), 2016 IEEE International Conference on},
url = {https://github.com/teemupitkanen/mrpt}, 
  pages={881--888},
  year={2016},
  organization={IEEE}
}

@misc{kgraph,
 title = {{KGraph}},
 author = {Wei Dong},
 url = {https://github.com/aaalgo/kgraph}
}

@misc{ngt,
    author = {Yahoo Japan Corporation},
	title = {{NGT: PANNG}},
    url = {https://github.com/yahoojapan/NGT}
}

@inproceedings{Iwasaki16,
  author    = {Masajiro Iwasaki},
  title     = {Pruned Bi-directed K-nearest Neighbor Graph for Proximity Search},
  booktitle = {{SISAP} 2016},
  pages     = {20--33},
  year      = {2016},
  url       = {https://doi.org/10.1007/978-3-319-46759-7_2},
  doi       = {10.1007/978-3-319-46759-7_2},
  timestamp = {Thu, 15 Jun 2017 21:40:54 +0200},
  biburl    = {https://dblp.org/rec/bib/conf/sisap/Iwasaki16},
  bibsource = {dblp computer science bibliography, https://dblp.org}
}

@misc{rpforest,
	title = {RPForest},
	author = {{Lyst Engineering}},
    url = {https://github.com/lyst/rpforest}
}

@InProceedings{Laarhoven18,
  author =	{Thijs Laarhoven},
  title =	{{Graph-Based Time-Space Trade-Offs for Approximate Near Neighbors}},
  booktitle =	{34th International Symposium on Computational Geometry (SoCG 2018)},
  pages =	{57:1--57:14},
  series =	{Leibniz International Proceedings in Informatics (LIPIcs)},
  ISBN =	{978-3-95977-066-8},
  ISSN =	{1868-8969},
  year =	{2018},
  volume =	{99},
  editor =	{Bettina Speckmann and Csaba D. T{\'o}th},
  publisher =	{Schloss Dagstuhl--Leibniz-Zentrum fuer Informatik},
  address =	{Dagstuhl, Germany},
  URL =		{http://drops.dagstuhl.de/opus/volltexte/2018/8770},
  URN =		{urn:nbn:de:0030-drops-87700},
  doi =		{10.4230/LIPIcs.SoCG.2018.57},
  annote =	{Keywords: approximate nearest neighbor problem, near neighbor graphs, locality-sensitive hashing, locality-sensitive filters, similarity search}
}

@inproceedings{WangSWR18,
  author    = {Yiqiu Wang and
               Anshumali Shrivastava and
               Jonathan Wang and
               Junghee Ryu},
  title     = {Randomized Algorithms Accelerated over {CPU-GPU} for Ultra-High Dimensional
               Similarity Search},
  booktitle = {{SIGMOD}},
  pages     = {889--903},
  year      = {2018},
  url       = {http://doi.acm.org/10.1145/3183713.3196925},
  doi       = {10.1145/3183713.3196925},
  timestamp = {Sun, 27 May 2018 19:31:52 +0200},
  biburl    = {https://dblp.org/rec/bib/conf/sigmod/WangSWR18},
  bibsource = {dblp computer science bibliography, https://dblp.org}
}

@inproceedings{ChristianiPS18,
  author    = {Tobias Christiani and
               Rasmus Pagh and
               Johan Sivertsen},
  title     = {Scalable and robust set similarity join},
  booktitle = {{ICDE}'2018},
  year      = {2018},
}

@article{Lam18,
  author    = {Maximilian Lam},
  title     = {Word2Bits - Quantized Word Vectors},
  journal   = {CoRR},
  volume    = {abs/1803.05651},
  year      = {2018},
  url       = {http://arxiv.org/abs/1803.05651},
  archivePrefix = {arXiv},
  eprint    = {1803.05651},
  timestamp = {Wed, 11 Apr 2018 11:12:46 +0200},
  biburl    = {https://dblp.org/rec/bib/journals/corr/abs-1803-05651},
  bibsource = {dblp computer science bibliography, https://dblp.org}
}

@inproceedings{nmslib,
  author    = {Leonid Boytsov and
               Bilegsaikhan Naidan},
  title     = {Engineering Efficient and Effective Non-metric Space Library},
  booktitle = {{SISAP}'13},
  pages     = {280--293},
  timestamp = {Mon, 02 Sep 2013 10:13:50 +0200},
  biburl    = {http://dblp.uni-trier.de/rec/bib/conf/sisap/BoytsovN13},
  bibsource = {dblp computer science bibliography, http://dblp.org}
}

@inproceedings{mplsh,
  title={Modeling {LSH} for performance tuning},
  author={Dong, Wei and Wang, Zhe and Josephson, William and Charikar, Moses and Li, Kai},
  booktitle={{CIKM}'08},
  pages={669--678},
  url={http://lshkit.sourceforge.net/},
  organization={ACM}
}

@article{kdtree,
 author = {Bentley, Jon Louis},
 title = {Multidimensional Binary Search Trees Used for Associative Searching},
 journal = {Commun. ACM},
 volume = {18},
 number = {9},
 year = {1975},
 pages = {509--517},
 numpages = {9},
 keywords = {associative retrieval, attribute, binary search trees, binary tree insertion, information retrieval system, intersection queries, key, nearest neighbor queries, partial match queries},
}

@inproceedings{Dasgupta08,
  title={Random projection trees and low dimensional manifolds},
  author={Dasgupta, Sanjoy and Freund, Yoav},
  booktitle={STOC'08},
  pages={537--546},
  organization={ACM}
}

@inproceedings{Yianilos93,
  author = {Yianilos, Peter N.},
  title = {Data structures and algorithms for nearest neighbor search in general metric spaces},
  booktitle = {{SODA'93}}
}

@inproceedings{IndykM98,
   author    = {Piotr Indyk and
                Rajeev Motwani},
   title     = {Approximate Nearest Neighbors: {T}owards Removing the Curse of Dimensionality},
   booktitle = {STOC'98},
   pages     = {604--613},
   timestamp = {Thu, 16 Feb 2012 12:06:54 +0100},
   biburl    = {http://dblp.uni-trier.de/rec/bib/conf/stoc/IndykM98},
   bibsource = {dblp computer science bibliography, http://dblp.org}
}

@article{wang,
  author    = {J. Wang and
               H. T. Shen and
               J. Song and
               J. Ji},
  title     = {Hashing for Similarity Search: {A} Survey},
  journal   = {CoRR},
  volume    = {abs/1408.2927},
  year      = {2014},
  url       = {http://arxiv.org/abs/1408.2927},
}

@article{HeoLHCY15,
  title={Spherical hashing: Binary code embedding with hyperspheres},
  author={Heo, Jae-Pil and Lee, Youngwoon and He, Junfeng and Chang, Shih-Fu and Yoon, Sung-Eui},
  journal={{IEEE TPAMI}},
  volume={37},
  number={11},
  pages={2304--2316},
  year={2015},
  publisher={IEEE}
}

@article{JohnsonL86,
  title={Extensions of Lipschitz maps into Banach spaces},
  author={Johnson, William B and Lindenstrauss, Joram and Schechtman, Gideon},
  journal={Israel Journal of Mathematics},
  volume={54},
  number={2},
  pages={129--138},
  year={1986},
  publisher={Springer}
}

@article{ZezulaSAR98,
  author    = {Pavel Zezula and
               Pasquale Savino and
               Giuseppe Amato and
               Fausto Rabitti},
  title     = {Approximate Similarity Retrieval with {M}-{T}rees},
  journal   = {{VLDB} J.},
  volume    = {7},
  number    = {4},
  pages     = {275--293},
  year      = {1998},
  timestamp = {Wed, 29 Mar 2017 16:45:27 +0200},
  biburl    = {http://dblp.uni-trier.de/rec/bib/journals/vldb/ZezulaSAR98},
  bibsource = {dblp computer science bibliography, http://dblp.org}
}

@inproceedings{CiacciaPZ97,
  author    = {Paolo Ciaccia and
               Marco Patella and
               Pavel Zezula},
  title     = {M-tree: An Efficient Access Method for Similarity Search in Metric
               Spaces},
  booktitle = {{VLDB}'97},
  pages     = {426--435},
  year      = {1997},
  timestamp = {Wed, 29 Mar 2017 16:45:24 +0200},
  biburl    = {http://dblp.uni-trier.de/rec/bib/conf/vldb/CiacciaPZ97},
  bibsource = {dblp computer science bibliography, http://dblp.org}
}

@inproceedings{AlmanW15,
   author    = {Josh Alman and
                Ryan Williams},
   title     = {Probabilistic Polynomials and Hamming Nearest Neighbors},
   booktitle = {FOCS'15},
   pages     = {136--150},
   timestamp = {Mon, 04 Jan 2016 13:44:40 +0100},
   biburl    = {http://dblp.uni-trier.de/rec/bib/conf/focs/AlmanW15},
   bibsource = {dblp computer science bibliography, http://dblp.org}
}

@article{Williams05,
   author    = {Ryan Williams},
   title     = {A new algorithm for optimal 2-constraint satisfaction and its implications},
   journal   = {Theor. Comput. Sci.},
   volume    = {348},
   number    = {2-3},
   pages     = {357--365},
   year      = {2005},
   timestamp = {Tue, 18 Apr 2006 11:49:09 +0200},
   biburl    = {http://dblp.uni-trier.de/rec/bib/journals/tcs/Williams05},
   bibsource = {dblp computer science bibliography, http://dblp.org}
}

@software{swig,
  author = {{The SWIG Developers}},
  title = {{SWIG}},
  url = {http://swig.org/}
}

@software{docker,
  author = {{Docker, Inc.}},
  title = {Docker},
  url = {https://www.docker.com/}
}
